@manual{AppNote:BrushlessuC,
    address    = {{Atmel Corporation, 1600 Technology Drive, San Jose, CA 95110 USA}},
    title     = {{Atmel AVR443: Sensor-based Control of Three Phase Brushless DC Motor}},
    year      = {2013}
}

@misc{HSLU:Pluess,
author = {{Tobias Plüss}},
howpublished = {{Hochschule Luzern, Technik und Architektur}},
note = {{In einem Gespräch}},
month = {\APACmonth{11}},
year = {2014}
}